<?xml version="1.0" encoding="UTF-8"?><collection xmlns="http://www.loc.gov/MARC21/slim"><record><leader>00334nam--2200121-i-4500</leader><controlfield tag="001">000041216</controlfield><controlfield tag="002">20161230</controlfield><controlfield tag="005">20161230201043</controlfield><controlfield tag="008">060222s1000------------r-----000-0-eng-d</controlfield><datafield ind1=" " ind2=" " tag="080"><subfield code="a">621.91(061.3)</subfield></datafield><datafield ind1=" " ind2=" " tag="245"><subfield code="a">Seminar und statusreport windenergie 23/24 okt.1978</subfield></datafield><datafield ind1=" " ind2=" " tag="260"><subfield code="a">Julich, Kkernforschunsanlage, 1978. Viii + 389 P</subfield></datafield><datafield ind1=" " ind2=" " tag="852"><subfield code="a">27198</subfield></datafield></record></collection>